@article{Gries07,
    title = "Automated Fault Localization for C Programs ",
    journal = "Electronic Notes in Theoretical Computer Science ",
    volume = "174",
    number = "4",
    pages = "95 - 111",
    year = "2007",
    note = "Proceedings of the Workshop on Verification and Debugging (V\&D 2006) ",
    issn = "1571-0661",
    doi = "http://dx.doi.org/10.1016/j.entcs.2006.12.032",
    url = "http://www.sciencedirect.com/science/article/pii/S1571066107001983",
    author = "Andreas Griesmayer and Stefan Staber and Roderick Bloem",
    keywords = "fault localization",
    keywords = "debugging",
    keywords = "model checking",
    keywords = "counterexample "
}

@incollection{demoura,
    title={Z3: An efficient SMT solver},
    author={De Moura, Leonardo and Bj{\o}rner, Nikolaj},
    booktitle={Tools and Algorithms for the Construction and Analysis of Systems},
    pages={337--340},
    year={2008},
    publisher={Springer}
}
@article{tseitin,
    title={On the complexity of derivation in propositional calculus},
    author={Tseitin, Grigori S},
    journal={Studies in constructive mathematics and mathematical logic},
    volume={2},
    number={115-125},
    pages={10--13},
    year={1968}
}

@article{dpll,
    title={A machine program for theorem-proving},
    author={Davis, Martin and Logemann, George and Loveland, Donald},
    journal={Communications of the ACM},
    volume={5},
    number={7},
    pages={394--397},
    year={1962},
    publisher={ACM}
}

@inproceedings{soos,
    title={Enhanced Gaussian Elimination in DPLL-based SAT Solvers.},
    author={Soos, Mate},
    booktitle={POS@ SAT},
    pages={2--14},
    year={2010}
}
